% Manual citations here


@misc{ed,
  author = {Ken Thompson},
  title = {The ed line editor},
  year = 1969,
}


@online{jetbrains,
  author = {jetbrains},
  year = {2023},
  url = {https://www.jetbrains.com/},
  urldate  = {2023-03-04}
}

@online{lsp_code_actions,
  author = {Microsoft},
  title = {Code Action Request},
  date = {2022-10-05},
  url = {https://web.archive.org/web/20230318082328/https://microsoft.github.io/language-server-protocol/specifications/lsp/3.17/specification/#textDocument_codeAction},
}

@online{lsp,
  author = {Microsoft},
  title = {Language Server Protocol},
  date = {2022},
  url = {https://web.archive.org/web/20230310034722/https://microsoft.github.io/language-server-protocol/},
  urldate = {2023-03-10},
}

@online{jetbrains_ssr,
  author = {JetBrains},
  title = {Structural search and replace},
  date = {2022-02-03},
  url = {https://web.archive.org/web/20230314140106/https://www.jetbrains.com/help/idea/structural-search-and-replace.html},
}

@book{martin_reading_code_ratio,
  author = {Robert C. Martin},
  title = {Clean Code: A Handbook of Agile Software Craftsmanship},
  date = {2007},
}

@article{beelders2016syntax,
  title={Syntax highlighting as an influencing factor when reading and comprehending source code},
  author={Beelders, Tanya R and du Plessis, Jean-Pierre L},
  journal={Journal of Eye Movement Research},
  volume={9},
  number={1},
  year={2016}
}
